/Users/seanmcl/save/papers/bib/all.bib